@article {FRAC,
    AUTHOR = {Bailey, David H. and Swarztrauber, Paul N.},
     TITLE = {The fractional {F}ourier transform and applications},
   JOURNAL = {SIAM Rev.},
  FJOURNAL = {SIAM Review. A Publication of the Society for Industrial and
              Applied Mathematics},
    VOLUME = {33},
      YEAR = {1991},
    NUMBER = {3},
     PAGES = {389--404},
      ISSN = {0036-1445},
   MRCLASS = {65T20 (65Y20 94A12)},
  MRNUMBER = {1124359},
MRREVIEWER = {Manfred Tasche},
       DOI = {10.1137/1033097},
       URL = {https://doi.org/10.1137/1033097},
}

@article {FOURINT,
    AUTHOR = {Bailey, David H. and Swarztrauber, Paul N.},
     TITLE = {A fast method for the numerical evaluation of continuous
              {F}ourier and {L}aplace transforms},
   JOURNAL = {SIAM J. Sci. Comput.},
  FJOURNAL = {SIAM Journal on Scientific Computing},
    VOLUME = {15},
      YEAR = {1994},
    NUMBER = {5},
     PAGES = {1105--1110},
      ISSN = {1064-8275},
   MRCLASS = {65T20 (65R10)},
  MRNUMBER = {1289155},
MRREVIEWER = {Vasily A. Chernecky},
       DOI = {10.1137/0915067},
       URL = {https://doi.org/10.1137/0915067},
}

@article {FFT,
    AUTHOR = {Cooley, James W. and Tukey, John W.},
     TITLE = {An algorithm for the machine calculation of complex {F}ourier
              series},
   JOURNAL = {Math. Comp.},
  FJOURNAL = {Mathematics of Computation},
    VOLUME = {19},
      YEAR = {1965},
     PAGES = {297--301},
      ISSN = {0025-5718},
   MRCLASS = {65.90},
  MRNUMBER = {178586},
       DOI = {10.2307/2003354},
       URL = {https://doi.org/10.2307/2003354},
}

@article {SCHR,
    AUTHOR = {Balac, St\'{e}phane and Mah\'{e}, Fabrice},
     TITLE = {An embedded split-step method for solving the nonlinear
              {S}chr\"{o}dinger equation in optics},
   JOURNAL = {J. Comput. Phys.},
  FJOURNAL = {Journal of Computational Physics},
    VOLUME = {280},
      YEAR = {2015},
     PAGES = {295--305},
      ISSN = {0021-9991},
   MRCLASS = {78M25 (65N06)},
  MRNUMBER = {3273138},
MRREVIEWER = {JiChun Li},
       DOI = {10.1016/j.jcp.2014.09.018},
       URL = {https://doi.org/10.1016/j.jcp.2014.09.018},
}


@ARTICLE{BLUE,
  author={Bluestein, L.},
  journal={IEEE Transactions on Audio and Electroacoustics}, 
  title={A linear filtering approach to the computation of discrete Fourier transform}, 
  year={1970},
  volume={18},
  number={4},
  pages={451-455},
  doi={10.1109/TAU.1970.1162132},
  url= {https://doi.org/10.1109/TAU.1970.1162132},
}

@unpublished{DERIV,
author  = {Johnson, Steven G},
title   = {Notes on {F}{F}{T}-based differentiation},
year    = {2011},
note    = {non publié},
URL = {https://math.mit.edu/~stevenj/fft-deriv.pdf}
}

@InProceedings{FFTW99,
  author = 	 {Frigo, Matteo},
  title = 	 {A fast {Fourier} transform compiler},
  booktitle = 	 {Proc. 1999 ACM SIGPLAN Conf. on Programming Language Design and Implementation},
  pages =	 {169--180},
  year =	 1999,
  volume =	 34,
  month =	 {May},
  publisher =	 {ACM}
}
% number =	 5,

@Article{FFTW05,
  author = 	 {Frigo, Matteo and Johnson, Steven~G.},
  title = 	 {The Design and Implementation of {FFTW3}},
  journal = 	 {Proceedings of the IEEE},
  year = 	 2005,
  volume =	 93,
  number =	 2,
  pages =	 {216--231},
  note =	 {Special issue on ``Program Generation, Optimization, and Platform Adaptation''}
}

@book{NFO,
	author = {Agrawal, Govind P.},
	title = {Nonlinear fiber optics},
  year = {2013},
  publisher = {Elsevier Science},
  ISBN = {978-0-12-397023-7},
  edition = {5ème}
	}
